@book{strang09,
  address = {Wellesley, MA},
  author = {Strang, Gilbert},
  edition = {Fourth},
  isbn = {9780980232714 0980232716 9780980232721 0980232724 9788175968110 8175968117},
  keywords = {linear.algebra matrix strang textbook},
  publisher = {Wellesley-Cambridge Press},
  refid = {298178914},
  title = {Introduction to Linear Algebra},
  year = 2009
}

@article{Boyd2005ConvexO,
  title={Convex Optimization},
  author={Stephen P. Boyd and Lieven Vandenberghe},
  journal={Journal of the American Statistical Association},
  year={2005},
  volume={100},
  pages={1097 - 1097}
}

@inproceedings{Press2002NumericalRI,
  title={Numerical recipes in C},
  author={William H. Press and Saul A. Teukolsky and William T. Vetterling and Brian P. Flannery},
  year={2002}
}

@inproceedings{Hoffman1995SoftwareDA,
  title={Software design, automated testing, and maintenance - a practical approach},
  author={Daniel Hoffman and Paul A. Strooper},
  year={1995}
}


BibTeX
MLA
APA
Chicago
@article{Hnig1972RealA,
  title={Real Analysis},
  author={Chaim Samuel H{\"o}nig},
  journal={Boletim da Sociedade Brasileira de Matem{\'a}tica - Bulletin/Brazilian Mathematical Society},
  year={1972},
  volume={3},
  pages={79-80}
}

@article{Ssmith,
  title={Systematic development of requirements documentation for general
purpose scientific computing software.},
  author={W. Spencer Smith},
  journal={In Proceedings of the 14th IEEE International
Requirements Engineering Conference},
  year={2006},
  pages={209â€“218}
}
